@techreport{unhcr2025,
  author      = {{UNHCR}},
  title       = {Refugee Statistics â€“ Operational Data Portal},
  institution = {United Nations High Commissioner for Refugees},
  address     = {Geneva, Switzerland},
  year        = {2025},
  url         = {https://www.unhcr.org}
}

@techreport{worldbank2025,
  author      = {{World Bank}},
  title       = {World Development Indicators},
  institution = {The World Bank},
  address     = {Washington, DC},
  year        = {2025},
  url         = {https://databank.worldbank.org/source/world-development-indicators}
}
# most likely will use this database!
@techreport{freedomhouse2025,
  author      = {{Freedom House}},
  title       = {Freedom in the World},
  institution = {Freedom House},
  address     = {Washington, DC},
  year        = {2025},
  url         = {https://freedomhouse.org/report/freedom-world}
}
